@book{Burden2017,
  title     = {Análisis {N}umérico},
  author    = {Burden, Richard L. and Faires, J. Douglas and Burden, Annette M.},
  edition   = {10},
  publisher = {Cengage Learning},
  year      = {2017},
  url       = {https://latam.cengage.com/libros/analisis-numerico-2},
  keywords  = {book}
}

@book{Kincaid1994,
  title     = {Análisis {N}umérico: las matemáticas del cálculo científico},
  author    = {Kincaid, David R. and Ward Cheney, E. and Martínez Enríquez, Rafael
               and Torres Alcaraz, Carlos and Fetter, Hans L.},
  edition   = {1},
  publisher = {Addison - Wesley Iberoamericana},
  year      = {1994},
  keywords  = {book}
}

@book{Isaacson1993,
  title     = {Analysis of {N}umerical {M}ethods},
  author    = {Isaacson, Eugene and Bishop Keller, Herbert},
  edition   = {1},
  publisher = {Dover Publications, Inc.},
  year      = {1993},
  keywords  = {book}
}

@book{Quarteroni2007,
  title     = {Numerical Mathematics},
  author    = {Quarteroni, Alfio and Sacco, Riccardo and Saleri, Fausto},
  year      = {2007},
  publisher = {Springer Berlin Heidelberg},
  doi       = {10.1007/b98885},
  keywords  = {book}
}

@book{Hämmerlin1991,
  title     = {Numerical Mathematics},
  author    = {Hämmerlin, Günther and Hoffman, Karl-Heinz},
  year      = {1991},
  publisher = {Springer New York},
  doi       = {10.1007/978-1-4612-4442-4},
  keywords  = {book}
}

@online{python312,
  author   = {Python Software Foundation},
  title    = {Python 3.12.3 documentation},
  url      = {https://docs.python.org/3/library/functions.html#int},
  urldate  = {2024-01-13},
  keywords = {online}
}

@online{aznaran2024,
  author   = {Aznarán L., Carlos},
  title    = {Repaso de Análisis Numérico I 2024},
  url      = {https://numerical-analysis-2024.github.io/tutorial},
  urldate  = {2024-01-13},
  keywords = {online}
}

@article{10.1145/103162.103163,
  author     = {Goldberg, David},
  title      = {What Every Computer Scientist Should Know about Floating-Point
                Arithmetic},
  year       = {1991},
  issue_date = {March 1991},
  publisher  = {Association for Computing Machinery},
  address    = {New York, NY, USA},
  volume     = {23},
  number     = {1},
  issn       = {0360-0300},
  doi        = {10.1145/103162.103163},
  journal    = {ACM Comput. Surv.},
  month      = {mar},
  pages      = {5–48},
  numpages   = {44},
  keywords   = {paper}
}
